
@misc{mitpowercalculation,
  title = {{MIT Emergency Ventilator: Power Calculation}},
  year = 2020,
  url = {https://e-vent.mit.edu/mechanical/power-calculation/},
  urldate = {2020-06-05},
  note = "[Online; accessed 05-June-2020]",
 lastchecked = {2020-06-05}
}